<?xml version="1.0" encoding="UTF-8"?>
<record xmlns="http://www.loc.gov/MARC21/slim">
   <leader>02629cam a2200409 a 4500</leader>
   <controlfield tag="001">264393</controlfield>
   <controlfield tag="003">NjP</controlfield>
   <controlfield tag="005">20170605130659.0</controlfield>
   <controlfield tag="008">850625m19639999ir       b    000 0 ara d</controlfield>
   <datafield tag="024" ind1="7" ind2=" ">
      <subfield code="a">princeton_aco003293</subfield>
      <subfield code="2">local</subfield>
   </datafield>
   <datafield ind1=" " ind2=" " tag="035">
      <subfield code="a">(OCoLC)33959700</subfield>
   </datafield>
   <datafield ind1=" " ind2=" " tag="035">
      <subfield code="a">(OCoLC)ocn176005297</subfield>
   </datafield>
   <datafield ind1=" " ind2=" " tag="035">
      <subfield code="a">(OCoLC)176005297</subfield>
   </datafield>
   <datafield ind1=" " ind2=" " tag="035">
      <subfield code="a">(CStRLIN)NJPG85-B16221</subfield>
   </datafield>
   <datafield ind1=" " ind2=" " tag="035">
      <subfield code="9">ABH9540TS</subfield>
   </datafield>
   <datafield ind1=" " ind2=" " tag="035">
      <subfield code="a">(NjP)264393</subfield>
   </datafield>
   <datafield ind1=" " ind2=" " tag="040">
      <subfield code="a">NjP</subfield>
      <subfield code="c">PUL</subfield>
      <subfield code="d">PUL</subfield>
   </datafield>
   <datafield ind1=" " ind2=" " tag="049">
      <subfield code="a">PULL</subfield>
   </datafield>
   <datafield ind1=" " ind2=" " tag="079">
      <subfield code="a">ocm33959700</subfield>
   </datafield>
   <datafield ind1="1" ind2=" " tag="100">
      <subfield code="6">880-01</subfield>
      <subfield code="a">Muʻizzī al-Dizfūlī, Muḥammad ʻAlī,</subfield>
      <subfield code="d">-1920 or 1921.</subfield>
      <subfield code="0">http://id.loc.gov/authorities/names/nr90006958</subfield>
   </datafield>
   <datafield ind1="1" ind2="0" tag="240">
      <subfield code="6">880-02</subfield>
      <subfield code="a">Tajdīd al-dawāris wa-taḥdīd al-madāris</subfield>
   </datafield>
   <datafield ind1="1" ind2="0" tag="245">
      <subfield code="6">880-03</subfield>
      <subfield code="a">Kitāb Tajdīd al-dawāris wa-taḥdīd al-madāris fī aḥkām al-miyāh wa-al-wuḍʼ̄u /</subfield>
      <subfield code="c">taʼlīf Muḥammad ʻAlī al-Muʻizzī al-Dizfūlī.</subfield>
   </datafield>
   <datafield ind1=" " ind2=" " tag="260">
      <subfield code="6">880-04</subfield>
      <subfield code="a">Qum :</subfield>
      <subfield code="b">al-Maṭbaʻah al-ʻIlmīyah,</subfield>
      <subfield code="c">1383- [1963- ]</subfield>
   </datafield>
   <datafield ind1=" " ind2=" " tag="300">
      <subfield code="a">v. ;</subfield>
      <subfield code="c">24 cm.</subfield>
   </datafield>
   <datafield ind1=" " ind2=" " tag="500">
      <subfield code="a">Vol. 8 published by: Qum : Chāpkhānah-ʼi Ḥikmat.</subfield>
   </datafield>
   <datafield ind1=" " ind2=" " tag="504">
      <subfield code="a">Includes bibliographical references.</subfield>
   </datafield>
   <datafield ind1="1" ind2=" " tag="505">
      <subfield code="6">880-05</subfield>
      <subfield code="a">juzʼ 1. Fī aḥkām al-miyāh wa-al-wuḍūʼ -- juzʼ 2. Fī aḥkām al-aghsāl -- juzʼ 3. Fī aḥkām al-tayammum wa-al-najāsāt wa-al-muṭahharāt -- juzʼ 4. Fī aḥkām al-ṣalawāt -- juzʼ 6. Fī aḥkām al-ṣiyām -- juzʼ 7. Fī aḥkām al-makāsib wa-al-wuqūf wa-al-buyūʻ wa-al-khiyārāt wa-al-shurūṭ wa-al-qabḍ -- juzʼ 8. Fī al-mukhtaliṭāt --</subfield>
   </datafield>
   <datafield ind1=" " ind2="0" tag="650">
      <subfield code="a">Purity, Ritual</subfield>
      <subfield code="x">Islam.</subfield>
      <subfield code="0">http://id.loc.gov/authorities/subjects/sh85109199</subfield>
   </datafield>
   <datafield ind1="1" ind2=" " tag="880">
      <subfield code="6">100-01/r</subfield>
      <subfield code="a">معزي الدزفولي، محمد علي،</subfield>
      <subfield code="d">-1920 or 1921.</subfield>
   </datafield>
   <datafield ind1="1" ind2="0" tag="880">
      <subfield code="6">240-02/r</subfield>
      <subfield code="a">تجديد الدوارس وتحديد المدارس</subfield>
   </datafield>
   <datafield ind1="1" ind2="0" tag="880">
      <subfield code="6">245-03/r</subfield>
      <subfield code="a">كتاب تجديد الدوارس وتحديد المدارس في احكام المياه والوضؤ /</subfield>
      <subfield code="c">تأليف محمد علي المعزي الدزفولي.</subfield>
   </datafield>
   <datafield ind1=" " ind2=" " tag="880">
      <subfield code="6">260-04/r</subfield>
      <subfield code="a">قم :</subfield>
      <subfield code="b">المطبعة العلمية،</subfield>
      <subfield code="c">1383- [1963- ]</subfield>
   </datafield>
   <datafield ind1="1" ind2=" " tag="880">
      <subfield code="6">505-05/r</subfield>
      <subfield code="a">جزء 1. في احكام المياه والوضوء جزء 2. في احكام الاغسال جزء 3. في احكام التيمم والنجاسات والمطهرات جزء 4. في احكام الصلوات جزء 6. في احكام الصيام جزء 7. في احكام المكاسب والوقوف والبيوع والخيارات والشروط والقبض جزء 8. في المختلطات</subfield>
   </datafield>
   <datafield ind1=" " ind2=" " tag="998">
      <subfield code="a">12/13/95</subfield>
      <subfield code="s">9118</subfield>
      <subfield code="n">NjP</subfield>
      <subfield code="w">NJPG85B16221</subfield>
      <subfield code="d">06/25/85</subfield>
      <subfield code="c">NHD</subfield>
      <subfield code="b">AND</subfield>
      <subfield code="i">951213</subfield>
      <subfield code="l">NJPG</subfield>
   </datafield>
   <datafield ind1=" " ind2=" " tag="948">
      <subfield code="a">CON</subfield>
   </datafield>
   <datafield ind1=" " ind2=" " tag="911">
      <subfield code="a">19951221</subfield>
   </datafield>
   <datafield ind1=" " ind2=" " tag="912">
      <subfield code="a">19951213000000.0</subfield>
   </datafield>
   <datafield ind1=" " ind2=" " tag="994">
      <subfield code="a">C0</subfield>
      <subfield code="b">PUL</subfield>
   </datafield>
   <datafield ind1=" " ind2=" " tag="999">
      <subfield code="a">264393</subfield>
   </datafield>
   <datafield ind1="8" ind2="1" tag="852">
      <subfield code="0">289388</subfield>
      <subfield code="b">rcppa</subfield>
      <subfield code="t">1</subfield>
      <subfield code="h">KBL</subfield>
      <subfield code="i">.M84</subfield>
      <subfield code="x">tr fr arab</subfield>
   </datafield>
   <datafield ind1=" " ind2="0" tag="866">
      <subfield code="0">289388</subfield>
      <subfield code="8">0</subfield>
      <subfield code="a">juzʾ 1-4, 6-8</subfield>
   </datafield>
   <datafield ind1=" " ind2=" " tag="959">
      <subfield code="a">2000-06-13 00:00:00 -0400</subfield>
   </datafield>
</record>
